<?xml version="1.0" encoding="UTF-8"?><collection xmlns="http://www.loc.gov/MARC21/slim"><record><leader>00623nam--2200193-u-4500</leader><controlfield tag="001">000054119</controlfield><controlfield tag="002">20161230</controlfield><controlfield tag="005">20161230201051</controlfield><controlfield tag="008">110803s1000------------r-----000-0-rum-d</controlfield><datafield ind1=" " ind2=" " tag="040"><subfield code="a">IFIN-HH</subfield></datafield><datafield ind1=" " ind2=" " tag="041"><subfield code="a">rum</subfield></datafield><datafield ind1=" " ind2=" " tag="080"><subfield code="a">537.311.33</subfield></datafield><datafield ind1="1" ind2=" " tag="100"><subfield code="a">Stan, Gheorghe</subfield></datafield><datafield ind1="1" ind2="0" tag="245"><subfield code="a">Studiul proprietatilor polaronului optic in semiconductori anizotropi si structuri cu dimensionalitate redusa plasate in camp magnetic d.c</subfield><subfield code="b">Teza</subfield><subfield code="c">Gheorghe stan</subfield></datafield><datafield ind1=" " ind2=" " tag="260"><subfield code="a">Bucuresti</subfield><subfield code="b">Ifa</subfield><subfield code="c">2000</subfield></datafield><datafield ind1=" " ind2=" " tag="300"><subfield code="a">162P</subfield></datafield><datafield ind1=" " ind2=" " tag="502"><subfield code="a">Conducator Stiintific: Cpi Dr. Alexandru Glodeanu</subfield></datafield><datafield ind1=" " ind2=" " tag="852"><subfield code="a">81157</subfield><subfield code="c">537.311.33</subfield></datafield><datafield ind1=" " ind2=" " tag="CAT"><subfield code="a">Sys</subfield><subfield code="c">20110803</subfield><subfield code="h">102923</subfield></datafield></record></collection>